% -- A --

@inproceedings{au1997enlarging,
  title={Enlarging the scope of vector-based computations: Extending Fortran 90 by nested data parallelism},
  author={Au, KTP and Chakravarty, M.M.T. and Darlington, J. and Guo, Y. and Jahnichen, S. and Kohler, M. and Keller, G. and Pfannenstiel, W. and Simons, M.},
  booktitle={Advances in Parallel and Distributed Computing, 1997. Proceedings},
  pages={66--73},
  year={1997},
  organization={IEEE}
}

% -- C --
@article{chakravarty2003approach,
  title={An approach to fast arrays in Haskell},
  author={Chakravarty, M. and Keller, G.},
  journal={Advanced Functional Programming},
  pages={1948--1948},
  year={2003},
  publisher={Springer}
}

@inproceedings{chakravarty2007data,
  title={Data Parallel Haskell: a status report},
  author={Chakravarty, M.M.T. and Leshchinskiy, R. and Jones, S.P. and Keller, G. and Marlow, S.},
  booktitle={Proceedings of the 2007 workshop on Declarative aspects of multicore programming},
  pages={10--18},
  year={2007},
  organization={ACM}
}

@inproceedings{chakravarty2001functional,
  title={Functional array fusion},
  author={Chakravarty, M.M.T. and Keller, G.},
  booktitle={ACM SIGPLAN Notices},
  volume={36},
  number={10},
  pages={205--216},
  year={2001},
  organization={ACM}
}

@inproceedings{chakravarty2000more,
  title={More types for nested data parallel programming},
  author={Chakravarty, M.M.T. and Keller, G.},
  booktitle={ACM SIGPLAN Notices},
  volume={35},
  number={9},
  pages={94--105},
  year={2000},
  organization={ACM}
}

@article{chakravarty2001nepal,
  title={Nepal—nested data parallelism in Haskell},
  author={Chakravarty, M. and Keller, G. and Lechtchinsky, R. and Pfannenstiel, W.},
  journal={Euro-Par 2001 Parallel Processing},
  pages={524--534},
  year={2001},
  publisher={Springer}
}

@inproceedings{chakravarty2008partial,
  title={Partial vectorisation of Haskell programs},
  author={Chakravarty, M.M.T. and Leshchinskiy, R. and Jones, S.P. and Keller, G.},
  booktitle={Proc ACM Workshop on Declarative Aspects of Multicore Programming, San Francisco},
  year={2008}
}

@article{chakravarty1999portable,
  title={How Portable is Nested Data Parallelism?},
  author={Chakravarty, M.M.T. and Keller, G.},
  year={1999},
  publisher={Citeseer}
}


% -- J --
@inproceedings{jones2008harnessing,
  title={Harnessing the multicores: Nested data parallelism in Haskell},
  author={Jones, S.P. and Leshchinskiy, R. and Keller, G. and Chakravarty, M.M.T.},
  booktitle={FSTTCS},
  volume={2},
  pages={383--414},
  year={2008}
}

% -- K --

@article{keller1999distributed,
  title={On the distributed implementation of aggregate data structures by program transformation},
  author={Keller, G. and Chakravarty, M.},
  journal={Parallel and Distributed Processing},
  pages={108--122},
  year={1999},
  publisher={Springer}
}

@inproceedings{keller1998flattening,
  title={Flattening trees},
  author={Keller, G. and Chakravarty, M.},
  booktitle={Euro-Par’98 Parallel Processing},
  pages={709--719},
  year={1998},
  organization={Springer}
}

@inproceedings{keller2012vectorisation,
	title={Vectorisation avoidance},
	author={Keller, G. and Chakravarty, M.M.T. and Leshchinskiy, R. and Lippmeier, B. and Peyton Jones, S.},
	booktitle={Proceedings of the 2012 symposium on Haskell symposium},
	pages={37--48},
	year={2012},
	organization={ACM}
}


% -- L --

@article{lechtchinsky2002costing,
  title={Costing nested array codes},
  author={Lechtchinsky, R. and Chakravarty, M.M.T. and Keller, G.},
  journal={Parallel Processing Letters},
  volume={12},
  number={02},
  pages={249--266},
  year={2002},
  publisher={World Scientific}
}

@article{leshchinskiy2006higher,
  title={Higher order flattening},
  author={Leshchinskiy, R. and Chakravarty, M. and Keller, G.},
  journal={Computational Science--ICCS 2006},
  pages={920--928},
  year={2006},
  publisher={Springer}
}


@inproceedings{lippmeier2012work,
  title={Work efficient higher-order vectorisation},
  author={Lippmeier, B. and Chakravarty, M.M.T. and Keller, G. and Leshchinskiy, R. and Peyton Jones, S.},
  booktitle={Proceedings of the 17th ACM SIGPLAN international conference on Functional programming},
  pages={259--270},
  year={2012},
  organization={ACM}
}
