% -- A --

% -- B --

% -- C --
@mastersthesis{clifton2012optimisations,
  title={Optimisations for the {LLVM} back-end of the {G}lasgow {H}askell {C}ompiler},
  author={Clifton-Everest, Robert},
  year={2012},
  school={University of New South Wales}
}

% -- D --

% -- E --

% -- F --

% -- G --

% -- H --

% -- I --

% -- J --

% -- K --

% -- L --

% -- M --
@mastersthesis{ma2012type,
  title={Type-based aliasing control for the Disciplined Disciple Compiler},
  author={Ma, Tran},
  year={2012},
  school={University of New South Wales}
}

% -- N --

% -- O --

% -- P --

% -- Q --

% -- R --

% -- S --

% -- T --

% -- U --

% -- V --

% -- W --

% -- X --

% -- Y --

% -- Z --

