% -- A --

% -- B --

% -- C --
@inproceedings{chakravarty2011accelerating,
  title={Accelerating Haskell array codes with multicore GPUs},
  author={Chakravarty, Manuel MT and Keller, Gabriele and Lee, Sean and McDonell, Trevor L and Grover, Vinod},
  booktitle={Proceedings of the sixth workshop on Declarative aspects of multicore programming},
  pages={3--14},
  year={2011},
  organization={ACM}
}

% -- D --

% -- E --

% -- F --

% -- G --

% -- H --

% -- I --

% -- J --

% -- K --
@article{keller2010regular,
  title={Regular, shape-polymorphic, parallel arrays in Haskell},
  author={Keller, Gabriele and Chakravarty, Manuel MT and Leshchinskiy, Roman and Peyton Jones, Simon and Lippmeier, Ben},
  journal={ACM Sigplan Notices},
  volume={45},
  number={9},
  pages={261--272},
  year={2010},
  publisher={ACM}
}

% -- L --
@inproceedings{lippmeier2011efficient,
  title={Efficient parallel stencil convolution in Haskell},
  author={Lippmeier, Ben and Keller, Gabriele},
  booktitle={ACM SIGPLAN Notices},
  volume={46},
  number={12},
  pages={59--70},
  year={2011},
  organization={ACM}
}

@inproceedings{lippmeier2012guiding,
  title={Guiding parallel array fusion with indexed types},
  author={Lippmeier, Ben and Chakravarty, Manuel and Keller, Gabriele and Peyton Jones, Simon},
  booktitle={Proceedings of the 2012 Haskell symposium},
  pages={25--36},
  year={2012},
  organization={ACM}
}

% -- M --
@inproceedings{mcdonell2013optimising,
  title={Optimising Purely Functional {GPU} Programs},
  author={McDonell, Trevor L and Chakravarty, Manuel MT and Keller, Gabriele and Lippmeier, Ben},
  booktitle={International Conference of Functional Programming},
  year={2013},
  organization={ICFP}
}

% -- N --

% -- O --

% -- P --

% -- Q --

% -- R --

% -- S --

% -- T --

% -- U --

% -- V --

% -- W --

% -- X --

% -- Y --

% -- Z --

