% -- A --

% -- B --

% -- C --
@inproceedings{chakravarty2001functional,
  title={Functional array fusion},
  author={Chakravarty, M.M.T. and Keller, G.},
  booktitle={ACM SIGPLAN Notices},
  volume={36},
  number={10},
  pages={205--216},
  year={2001},
  organization={ACM}
}

@article{chakravarty2003approach,
  title={An approach to fast arrays in {H}askell},
  author={Chakravarty, M. and Keller, G.},
  journal={Advanced Functional Programming},
  pages={1948--1948},
  year={2003},
  publisher={Springer}
}

@INPROCEEDINGS{coutts2007streamfusion,
    author = {Duncan Coutts and Roman Leshchinskiy and Don Stewart},
    title = {Stream Fusion: From Lists to Streams to Nothing at All},
    booktitle = {Proceedings of the International Conference of Functional Programming 2007},
    year = {2007},
    publisher = {}
}

% -- D --

% -- E --

% -- F --

% -- G --
@inproceedings{gill1993shortcut,
 author = {Gill, Andrew and Launchbury, John and Peyton Jones, Simon L.},
 title = {A short cut to deforestation},
 booktitle = {Proceedings of the conference on Functional programming languages and computer architecture},
 series = {FPCA '93},
 year = {1993},
 isbn = {0-89791-595-X},
 location = {Copenhagen, Denmark},
 pages = {223--232},
 numpages = {10},
 url = {http://doi.acm.org/10.1145/165180.165214},
 doi = {10.1145/165180.165214},
 acmid = {165214},
 publisher = {ACM},
 address = {New York, NY, USA},
}

% -- H --

% -- I --

% -- J --
@MISC{jones2001playingby,
    author = {Peyton Jones, Simon L. and Andrew Tolmach and Tony Hoare},
    title = {Playing by the rules: rewriting as a practical optimisation technique in {GHC} },
    year = {2001}
}

% -- K --

% -- L --
@inproceedings{lippmeier2013flow,
    author = {Ben Lippmeier and Manuel M. T. Chakravarty and Gabrielle Keller and Amos Robinson},
    title = {Data Flow Fusion with Series Expressions in {H}askell},
    year = {2013},
    publisher = {In Submission},
    booktitle={Proceedings of the 2013 Haskell symposium}
}

% -- M --
@article{mainland2013haskell,
  title={{H}askell Beats {C} Using Generalized Stream Fusion},
  author={Mainland, Geoffrey and Leshchinskiy, Roman and Jones, Simon Peyton and Marlow, Simon},
  year={2013}
}

% -- N --

% -- O --

% -- P --

% -- Q --

% -- R --

% -- S --

% -- T --

% -- U --

% -- V --

% -- W --

% -- X --

% -- Y --

% -- Z --

