% -- A --

% -- B --

% -- C --

% -- D --

% -- E --

% -- F --

% -- G --
@article{gao1993collective,
  title={Collective loop fusion for array contraction},
  author={Gao, G and Olsen, Russ and Sarkar, Vivek and Thekkath, Radhika},
  journal={Languages and Compilers for Parallel Computing},
  pages={281--295},
  year={1993},
  publisher={Springer}
}


% -- H --

% -- I --

% -- J --

% -- K --

% -- L --

% -- M --

% -- N --

% -- O --

% -- P --
@inproceedings{pike2002better,
  title={Better tiling and array contraction for compiling scientific programs},
  author={Pike, Geoff and Hilfinger, Paul N},
  booktitle={Proceedings of the 2002 ACM/IEEE conference on Supercomputing},
  pages={1--12},
  year={2002},
  organization={IEEE Computer Society Press}
}


% -- Q --

% -- R --
@inproceedings{rivera1999locality,
  title={Locality optimizations for multi-level caches},
  author={Rivera, Gabriel and Tseng, Chau-Wen},
  booktitle={Proceedings of the 1999 ACM/IEEE conference on Supercomputing (CDROM)},
  pages={2},
  year={1999},
  organization={ACM}
}


% -- S --
@inproceedings{sarkar1991optimization,
  title={Optimization of array accesses by collective loop transformations},
  author={Sarkar, Vivek and Gao, Guang R},
  booktitle={Proceedings of the 5th international conference on Supercomputing},
  pages={194--205},
  year={1991},
  organization={ACM}
}

@article{song2004improving,
  title={Improving data locality by array contraction},
  author={Song, Yonghong and Xu, Rong and Wang, Cheng and Li, Zhiyuan},
  journal={Computers, IEEE Transactions on},
  volume={53},
  number={9},
  pages={1073--1084},
  year={2004},
  publisher={IEEE}
}



% -- T --

% -- U --

% -- V --

% -- W --

@article{wang2013loop,
  title={Loop scheduling with memory access reduction subject to register constraints for DSP applications},
  author={Wang, Yi and Jia, Zhiping and Chen, Renhai and Wang, Meng and Liu, Duo and Shao, Zili},
  journal={Software: Practice and Experience},
  year={2013},
  publisher={Wiley Online Library}
}

% -- X --

% -- Y --

% -- Z --

