% -- A --

% -- B --

@article{barnes1986hierarchical,
  title={A hierarchical ${O}(N \log N)$ force-calculation algorithm},
  author={Barnes, J. and Hut, P.},
  journal={Nature},
  volume={324},
  pages={4},
  year={1986}
}

@article{barnes1990modified,
  title={A modified tree code: don't laugh; it runs},
  author={Barnes, J.E.},
  journal={Journal of Computational Physics},
  volume={87},
  number={1},
  pages={161--170},
  year={1990},
  publisher={Elsevier}
}

% -- C --

@article{coutts2007rewriting,
  title={Rewriting {H}askell strings},
  author={Coutts, Duncan and Stewart, Don and Leshchinskiy, Roman},
  journal={Practical Aspects of Declarative Languages},
  pages={50--64},
  year={2007},
  publisher={Springer}
}

% -- D --
% -- E --
% -- F --
% -- G --

% -- H --
% -- I --

% -- J --

@article{jay1998functional,
  title={The functional imperative: {S}hape!},
  author={Jay, C. and Steckler, P.},
  journal={Programming Languages and Systems},
  pages={139--153},
  year={1998},
  publisher={Springer}
}


% -- K --


% -- L --
@misc{leroy2012compcert,
  title={The CompCert C Verified Compiler},
  author={Leroy, Xavier},
  year={2012},
  publisher={CompCert}
}

% -- M --

% -- N --
% -- O --

% -- P --

% -- Q --

% -- R --


% -- S --


@inproceedings{scholz1998defining,
  title={On defining application-specific high-level array operations by means of shape-invariant programming facilities},
  author={Scholz, S.B.},
  booktitle={ACM SIGAPL APL Quote Quad},
  volume={29},
  number={3},
  pages={32--38},
  year={1998},
  organization={ACM}
}

% -- T --

% -- U --
% -- V --
% -- W --


% -- X --
% -- Y --
% -- Z --
