% -- A --
@inproceedings{au1997enlarging,
  title={Enlarging the scope of vector-based computations: extending {F}ortran 90 by nested data parallelism},
  author={Au, KTP and Chakravarty, M.M.T. and Darlington, J. and Guo, Y. and Jahnichen, S. and Kohler, M. and Keller, G. and Pfannenstiel, W. and Simons, M.},
  booktitle={Advances in Parallel and Distributed Computing, 1997. Proceedings},
  pages={66--73},
  year={1997},
  organization={IEEE}
}


% -- B --

@book{blelloch1990vector,
  title={Vector models for data-parallel computing},
  author={Blelloch, G.E.},
  volume={75},
  year={1990},
  publisher={MIT press Cambridge, MA}
}

@article{blelloch1989scans,
  title={Scans as primitive parallel operations},
  author={Blelloch, G.E.},
  journal={Computers, IEEE Transactions on},
  volume={38},
  number={11},
  pages={1526--1538},
  year={1989},
  publisher={IEEE}
}

@techreport{blelloch1995nesl,
  title={{\sc Nesl}: A Nested Data-Parallel Language},
  author={Blelloch, G.E.},
  year={1995},
  institution={DTIC Document}
}

@book{blelloch1993implementation,
  title={Implementation of a portable nested data-parallel language},
  author={Blelloch, G.E. and Hardwick, J.C. and Chatterjee, S. and Sipelstein, J. and Zagha, M.},
  volume={28},
  number={7},
  year={1993},
  publisher={ACM}
}

@inproceedings{blelloch1991comparison,
  title={A comparison of sorting algorithms for the connection machine {CM-2}},
  author={Blelloch, G.E. and Leiserson, C.E. and Maggs, B.M. and Plaxton, C.G. and Smith, S.J. and Zagha, M.},
  booktitle={Proceedings of the third annual ACM symposium on Parallel algorithms and architectures},
  pages={3--16},
  year={1991},
  organization={ACM}
}

@article{blelloch1996programming,
  title={Programming parallel algorithms},
  author={Blelloch, G.E.},
  journal={Communications of the ACM},
  volume={39},
  number={3},
  pages={85--97},
  year={1996},
  publisher={ACM}
}


% -- C --
@article{chakravarty2003approach,
  title={An approach to fast arrays in {H}askell},
  author={Chakravarty, M. and Keller, G.},
  journal={Advanced Functional Programming},
  pages={1948--1948},
  year={2003},
  publisher={Springer}
}

@inproceedings{chakravarty2007data,
  title={{D}ata {P}arallel {H}askell: a status report},
  author={Chakravarty, M.M.T. and Leshchinskiy, R. and Jones, S.P. and Keller, G. and Marlow, S.},
  booktitle={Proceedings of the 2007 workshop on Declarative aspects of multicore programming},
  pages={10--18},
  year={2007},
  organization={ACM}
}

@inproceedings{chakravarty2001functional,
  title={Functional array fusion},
  author={Chakravarty, M.M.T. and Keller, G.},
  booktitle={ACM SIGPLAN Notices},
  volume={36},
  number={10},
  pages={205--216},
  year={2001},
  organization={ACM}
}

@inproceedings{chakravarty2000more,
  title={More types for nested data parallel programming},
  author={Chakravarty, M.M.T. and Keller, G.},
  booktitle={ACM SIGPLAN Notices},
  volume={35},
  number={9},
  pages={94--105},
  year={2000},
  organization={ACM}
}

@article{chakravarty2001nepal,
  title={{N}epal {-} nested data parallelism in {H}askell},
  author={Chakravarty, M. and Keller, G. and Lechtchinsky, R. and Pfannenstiel, W.},
  journal={Euro-Par 2001 Parallel Processing},
  pages={524--534},
  year={2001},
  publisher={Springer}
}

@inproceedings{chakravarty2008partial,
  title={Partial vectorisation of {H}askell programs},
  author={Chakravarty, M.M.T. and Leshchinskiy, R. and Jones, S.P. and Keller, G.},
  booktitle={Proc ACM Workshop on Declarative Aspects of Multicore Programming, San Francisco},
  year={2008}
}

@article{chakravarty1999portable,
  title={How Portable is Nested Data Parallelism?},
  author={Chakravarty, M.M.T. and Keller, G.},
  year={1999},
  publisher={Citeseer}
}

% -- D --

% -- E --

% -- F --

% -- G --

% -- H --

% -- I --

% -- J --
@inproceedings{jones2008harnessing,
  title={Harnessing the multicores: Nested data parallelism in {H}askell},
  author={Jones, S.P. and Leshchinskiy, R. and Keller, G. and Chakravarty, M.M.T.},
  booktitle={FSTTCS},
  volume={2},
  pages={383--414},
  year={2008}
}


% -- K --
@article{keller1999distributed,
  title={On the distributed implementation of aggregate data structures by program transformation},
  author={Keller, G. and Chakravarty, M.},
  journal={Parallel and Distributed Processing},
  pages={108--122},
  year={1999},
  publisher={Springer}
}

@inproceedings{keller1998flattening,
  title={Flattening trees},
  author={Keller, G. and Chakravarty, M.},
  booktitle={Euro-Parâ€™98 Parallel Processing},
  pages={709--719},
  year={1998},
  organization={Springer}
}

@inproceedings{keller2012vectorisation,
	title={Vectorisation avoidance},
	author={Keller, G. and Chakravarty, M.M.T. and Leshchinskiy, R. and Lippmeier, B. and Peyton Jones, S.},
	booktitle={Proceedings of the 2012 symposium on Haskell symposium},
	pages={37--48},
	year={2012},
	organization={ACM}
}


% -- L --

@article{lechtchinsky2002costing,
  title={Costing nested array codes},
  author={Lechtchinsky, R. and Chakravarty, M.M.T. and Keller, G.},
  journal={Parallel Processing Letters},
  volume={12},
  number={02},
  pages={249--266},
  year={2002},
  publisher={World Scientific}
}

@phdthesis{leshchinskiy2005higher,
  title={Higher-order nested data parallelism: semantics and implementation},
  author={Leshchinskiy, Roman},
  year={2005},
  school={Universit{\"a}tsbibliothek}
}

@article{leshchinskiy2006higher,
  title={Higher order flattening},
  author={Leshchinskiy, R. and Chakravarty, M. and Keller, G.},
  journal={Computational Science--ICCS 2006},
  pages={920--928},
  year={2006},
  publisher={Springer}
}


@inproceedings{lippmeier2012work,
  title={Work efficient higher-order vectorisation},
  author={Lippmeier, B. and Chakravarty, M.M.T. and Keller, G. and Leshchinskiy, R. and Peyton Jones, S.},
  booktitle={Proceedings of the 17th ACM SIGPLAN international conference on Functional programming},
  pages={259--270},
  year={2012},
  organization={ACM}
}

% -- M --
@article{mainland2013haskell,
  title={{H}askell Beats {C} Using Generalized Stream Fusion},
  author={Mainland, Geoffrey and Leshchinskiy, Roman and Jones, Simon Peyton and Marlow, Simon},
  year={2013}
}

% -- N --

% -- O --

% -- P --

% -- Q --

% -- R --

% -- S --

% -- T --

% -- U --

% -- V --

% -- W --

% -- X --

% -- Y --

% -- Z --

