% -- A --

% -- B --

@techreport{bechet1994limix,
  title={Limix: a partial evaluator for partially static structures},
  author={Bechet, Denis},
  year={1994},
  institution={Citeseer}
}

@article{bolingbroke2011termination,
  title={Termination combinators forever},
  author={Bolingbroke, M. and Peyton Jones, S. and Vytiniotis, D.},
  year={2011}
}

@article{bolingbroke2011supercomp,
  title={Improving supercompilation: tag-bags, rollback, speculation, normalisation, and generalisation},
  author={Bolingbroke, M. and Peyton Jones, S.},
  year={2011}
}

@article{burstall1977transformation,
  title={A transformation system for developing recursive programs},
  author={Burstall, Rodney Matineau and Darlington, John},
  journal={Journal of the ACM (JACM)},
  volume={24},
  number={1},
  pages={44--67},
  year={1977},
  publisher={ACM}
}

% -- C --

% -- D --

% -- E --

% -- F --

% -- G --

@article{gill2009worker,
	title={The worker/wrapper transformation},
	author={Gill, Andy and Hutton, Graham},
	journal={Journal of Functional Programming},
	volume={19},
	number={2},
	pages={227--251},
	year={2009},
	publisher={Cambridge Univ Press}
}

% -- H --

% -- I --

% -- J --

% -- K --

% -- L --

% -- M --


@inproceedings{mogensen1993constructor,
  title={Constructor specialization},
  author={Mogensen, Torben},
  booktitle={Proceedings of the 1993 ACM SIGPLAN symposium on Partial evaluation and semantics-based program manipulation},
  pages={22--32},
  year={1993},
  organization={ACM}
}

% -- N --

% -- O --

% -- P --

@inproceedings{peyton2007call,
  title={Call-pattern specialisation for Haskell programs},
  author={Peyton Jones, S.},
  booktitle={ACM SIGPLAN Notices},
  volume={42},
  number={9},
  pages={327--337},
  year={2007},
  organization={ACM}
}

% -- Q --

% -- R --

% -- S --

@article{thiemann1993avoiding,
  title={Avoiding repeated tests in pattern matching},
  author={Thiemann, Peter},
  journal={Static Analysis},
  pages={141--152},
  year={1993},
  publisher={Springer}
}

@article{thiemann1994higher,
  title={Higher-order redundancy elimination},
  author={Thiemann, Peter},
  journal={ACM Worskhop on Partial Evaluation and Semantics-Based Program Manipulation},
  pages={73--84},
  year={1994},
  publisher={Citeseer}
}

@inproceedings{thiemann1995generation,
  title={The generation of a higher-order online partial evaluator},
  author={Thiemann, Peter and Gl{\"u}ck, Robert},
  booktitle={Fuji Workshop on Functional and Logic Programming},
  pages={239--253},
  year={1995},
  organization={Citeseer}
}

% -- U --

% -- V --

% -- W --

% -- X --

% -- Y --

% -- Z --

