% -- A --

% -- B --

% -- C --

% -- D --

% -- E --

% -- F --

% -- G --

% -- H --

% -- I --

% -- J --

% -- K --

% -- L --

% -- M --

% -- N --

% -- O --

% -- P --

% -- Q --

% -- R --

% -- S --

@inproceedings{shivers2005anatomy,
	title={The anatomy of a loop: a story of scope and control},
	author={Shivers, Olin},
	booktitle={ACM SIGPLAN Notices},
	volume={40},
	number={9},
	pages={2--14},
	year={2005},
	organization={ACM}
}

% -- T --

% -- U --

% -- V --

% -- W --

@article{waters1991automatic,
	title={Automatic transformation of series expressions into loops},
	author={Waters, Richard C},
	journal={ACM Transactions on Programming Languages and Systems (TOPLAS)},
	volume={13},
	number={1},
	pages={52--98},
	year={1991},
	publisher={ACM}
}

% -- X --

% -- Y --

% -- Z --

