% -- A --

% -- B --

% -- C --

% -- D --

% -- E --

% -- F --

% -- G --

% -- H --

% -- I --

% -- J --
@article{johnston2004advances,
  title={Advances in dataflow programming languages},
  author={Johnston, Wesley M and Hanna, JR and Millar, Richard J},
  journal={ACM Computing Surveys (CSUR)},
  volume={36},
  number={1},
  pages={1--34},
  year={2004},
  publisher={ACM}
}


% -- K --

% -- L --

% -- M --

% -- N --

% -- O --

% -- P --

% -- Q --

% -- R --

% -- S --
@article{stephens1997survey,
  title={A survey of stream processing},
  author={Stephens, Robert},
  journal={Acta Informatica},
  volume={34},
  number={7},
  pages={491--541},
  year={1997},
  publisher={Springer}
}


% -- T --

% -- U --

% -- V --

% -- W --

% -- X --

% -- Y --

% -- Z --

