% -- A --

% -- B --

% -- C --

% -- D --

% -- E --

% -- F --

% -- G --

% -- H --

@book{harper2012practical,
  title={Practical foundations for programming languages},
  author={Robert Harper},
  year={2012}
}


% -- I --

% -- J --

% -- K --

% -- L --

% -- M --


% -- N --

@book{nordstrom1990programming,
  title={Programming in Martin-L{\"o}fâ€™s type theory},
  author={Nordstr{\"o}m, Bengt and Petersson, Kent and Smith, Jan M},
  volume={85},
  year={1990},
  publisher={Oxford University Press}
}

% -- O --

% -- P --

% -- Q --

% -- R --

% -- S --

% -- T --

% -- U --

% -- V --

% -- W --

% -- X --

% -- Y --

% -- Z --

